@article{pearson1993complex,
  title={Complex patterns in a simple system},
  author={Pearson, John E},
  journal={Science},
  volume={261},
  number={5118},
  pages={189--192},
  year={1993},
  publisher={American Association for the Advancement of Science}
}